@article{deep-net-second-order,
  title   = {Second Order Derivatives for Network Pruning: Optimal Brain Surgeon},
  author  = {Hassibi, Babak and Stork, David G},
  journal = {Advances in Neural Information Processing Systems},
  volume  = {5},
  year    = {1993}
}

@inproceedings{deep-net-lbfg,
  title     = {{L-BFGS} for Neural Network Training},
  author    = {Le, Quoc V and Ngiam, Jiquan and Coates, Adam and Lahiri, Ahbik and Prochnow, Bobby and Ng, Andrew Y},
  booktitle = {Proceedings of the 28th International Conference on Machine Learning},
  pages     = {561--568},
  year      = {2011}
}

@article{adagrad,
  title   = {Adaptive Subgradient Methods for Online Learning and Stochastic Optimization},
  author  = {Duchi, John and Hazan, Elad and Singer, Yoram},
  journal = {Journal of Machine Learning Research},
  volume  = {12},
  number  = {61},
  pages   = {2121--2159},
  year    = {2011}
}

@inproceedings{ying-behrooz-hessian-spectrum,
  title        = {Towards Understanding the Spectral Bias of Deep Learning},
  author       = {Rahaman, Nasim and Baratin, Aristide and Arpit, Devansh and Draxler, Felix and Lin, Min and Hamprecht, Fred A and Bengio, Yoshua and Courville, Aaron},
  booktitle    = {International Conference on Machine Learning},
  pages        = {5301--5310},
  year         = {2019},
  organization = {PMLR}
}

@book{magnus-neudecker,
  title     = {Matrix Differential Calculus with Applications in Statistics and Econometrics},
  author    = {Magnus, Jan R and Neudecker, Heinz},
  edition   = {3rd},
  year      = {2019},
  publisher = {John Wiley \& Sons}
}

